
@book{gelman_bayesian_2013,
	location = {Boca Raton},
	edition = {3rd edition},
	title = {Bayesian Data Analysis},
	isbn = {978-1-4398-4095-5},
	pagetotal = {675},
	publisher = {Chapman and Hall/{CRC}},
	author = {Gelman, Andrew and Carlin, John B. and Stern, Hal S. and Dunson, David B. and Vehtari, Aki and Rubin, Donald B.},
	date = {2013-11-01},
	file = {Gelman et al. - 2013 - Bayesian Data Analysis.pdf:/home/leix/Documents/Zotero/storage/CGJXFPCJ/Gelman et al. - 2013 - Bayesian Data Analysis.pdf:application/pdf},
}
